%YAML 1.1
%TAG !u! tag:unity3d.com,2011:
--- !u!114 &-9125938549225811080
MonoBehaviour:
  m_ObjectHideFlags: 0
  m_CorrespondingSourceObject: {fileID: 0}
  m_PrefabInstance: {fileID: 0}
  m_PrefabAsset: {fileID: 0}
  m_GameObject: {fileID: 0}
  m_Enabled: 1
  m_EditorHideFlags: 0
  m_Script: {fileID: 11500000, guid: 35879f5144b1f3047a1cff4a0f2fe2bb, type: 3}
  m_Name: Start
  m_EditorClassIdentifier: 
  graph: {fileID: 11400000}
  position: {x: -444.5, y: -115}
  ports:
    keys:
    - exit
    values:
    - _fieldName: exit
      _node: {fileID: -9125938549225811080}
      _typeQualifiedName: System.Int32, mscorlib, Version=4.0.0.0, Culture=neutral,
        PublicKeyToken=b77a5c561934e089
      connections:
      - fieldName: entry
        node: {fileID: -4963681171534174228}
        reroutePoints: []
      _direction: 1
      _connectionType: 0
      _typeConstraint: 0
      _dynamic: 0
  exit: 0
--- !u!114 &-7624066943237241439
MonoBehaviour:
  m_ObjectHideFlags: 0
  m_CorrespondingSourceObject: {fileID: 0}
  m_PrefabInstance: {fileID: 0}
  m_PrefabAsset: {fileID: 0}
  m_GameObject: {fileID: 0}
  m_Enabled: 1
  m_EditorHideFlags: 0
  m_Script: {fileID: 11500000, guid: eb0b43cde15e71145a79594ceda75168, type: 3}
  m_Name: Battle
  m_EditorClassIdentifier: 
  graph: {fileID: 11400000}
  position: {x: 1032, y: -40}
  ports:
    keys:
    - entry
    values:
    - _fieldName: entry
      _node: {fileID: -7624066943237241439}
      _typeQualifiedName: System.Int32, mscorlib, Version=4.0.0.0, Culture=neutral,
        PublicKeyToken=b77a5c561934e089
      connections:
      - fieldName: exit 0
        node: {fileID: -2252910697379938734}
        reroutePoints: []
      _direction: 0
      _connectionType: 0
      _typeConstraint: 0
      _dynamic: 0
  entry: 0
  unitBattleProfile:
  - {fileID: 11400000, guid: 708287d5fed8a4140b400b814c74e9dd, type: 2}
--- !u!114 &-4963681171534174228
MonoBehaviour:
  m_ObjectHideFlags: 0
  m_CorrespondingSourceObject: {fileID: 0}
  m_PrefabInstance: {fileID: 0}
  m_PrefabAsset: {fileID: 0}
  m_GameObject: {fileID: 0}
  m_Enabled: 1
  m_EditorHideFlags: 0
  m_Script: {fileID: 11500000, guid: df6e9e0893858304cb9f53f21e648380, type: 3}
  m_Name: Choice
  m_EditorClassIdentifier: 
  graph: {fileID: 11400000}
  position: {x: -152, y: -120}
  ports:
    keys:
    - entry
    - exit
    - exit 0
    - exit 1
    - exit 2
    values:
    - _fieldName: entry
      _node: {fileID: -4963681171534174228}
      _typeQualifiedName: System.Int32, mscorlib, Version=4.0.0.0, Culture=neutral,
        PublicKeyToken=b77a5c561934e089
      connections:
      - fieldName: exit
        node: {fileID: -9125938549225811080}
        reroutePoints: []
      _direction: 0
      _connectionType: 0
      _typeConstraint: 0
      _dynamic: 0
    - _fieldName: exit
      _node: {fileID: -4963681171534174228}
      _typeQualifiedName: System.Int32[], mscorlib, Version=4.0.0.0, Culture=neutral,
        PublicKeyToken=b77a5c561934e089
      connections: []
      _direction: 1
      _connectionType: 0
      _typeConstraint: 0
      _dynamic: 0
    - _fieldName: exit 0
      _node: {fileID: -4963681171534174228}
      _typeQualifiedName: System.Int32, mscorlib, Version=4.0.0.0, Culture=neutral,
        PublicKeyToken=b77a5c561934e089
      connections:
      - fieldName: entry
        node: {fileID: -3819802437613648531}
        reroutePoints: []
      _direction: 1
      _connectionType: 0
      _typeConstraint: 0
      _dynamic: 1
    - _fieldName: exit 1
      _node: {fileID: -4963681171534174228}
      _typeQualifiedName: System.Int32, mscorlib, Version=4.0.0.0, Culture=neutral,
        PublicKeyToken=b77a5c561934e089
      connections:
      - fieldName: entry
        node: {fileID: 5287999101504286011}
        reroutePoints: []
      _direction: 1
      _connectionType: 0
      _typeConstraint: 0
      _dynamic: 1
    - _fieldName: exit 2
      _node: {fileID: -4963681171534174228}
      _typeQualifiedName: System.Int32, mscorlib, Version=4.0.0.0, Culture=neutral,
        PublicKeyToken=b77a5c561934e089
      connections:
      - fieldName: entry
        node: {fileID: -4133162304402331945}
        reroutePoints: []
      _direction: 1
      _connectionType: 0
      _typeConstraint: 0
      _dynamic: 1
  entry: 0
  exit: 000000000000000000000000
  _character: {fileID: 11400000, guid: 3cfbf3721e6209f48bbf595776fe4c0f, type: 2}
  _dialogueLine: Do you need anything, student?
  _choiceLine:
  - Talk
  - '[Battle]'
  - Return
  nextOutputPriority: 0
--- !u!114 &-4133162304402331945
MonoBehaviour:
  m_ObjectHideFlags: 0
  m_CorrespondingSourceObject: {fileID: 0}
  m_PrefabInstance: {fileID: 0}
  m_PrefabAsset: {fileID: 0}
  m_GameObject: {fileID: 0}
  m_Enabled: 1
  m_EditorHideFlags: 0
  m_Script: {fileID: 11500000, guid: 8868ae66094417049b612f7fe2e0912d, type: 3}
  m_Name: End
  m_EditorClassIdentifier: 
  graph: {fileID: 11400000}
  position: {x: 904, y: 424}
  ports:
    keys:
    - entry
    values:
    - _fieldName: entry
      _node: {fileID: -4133162304402331945}
      _typeQualifiedName: System.Int32, mscorlib, Version=4.0.0.0, Culture=neutral,
        PublicKeyToken=b77a5c561934e089
      connections:
      - fieldName: exit 2
        node: {fileID: -4963681171534174228}
        reroutePoints: []
      - fieldName: exit 1
        node: {fileID: -2252910697379938734}
        reroutePoints: []
      _direction: 0
      _connectionType: 0
      _typeConstraint: 0
      _dynamic: 0
  entry: 0
--- !u!114 &-3819802437613648531
MonoBehaviour:
  m_ObjectHideFlags: 0
  m_CorrespondingSourceObject: {fileID: 0}
  m_PrefabInstance: {fileID: 0}
  m_PrefabAsset: {fileID: 0}
  m_GameObject: {fileID: 0}
  m_Enabled: 1
  m_EditorHideFlags: 0
  m_Script: {fileID: 11500000, guid: 4a3fc0928afdddb45bf7f2fc7faf0ec3, type: 3}
  m_Name: Dialogue
  m_EditorClassIdentifier: 
  graph: {fileID: 11400000}
  position: {x: 104, y: -120}
  ports:
    keys:
    - entry
    - exit
    - exit 0
    values:
    - _fieldName: entry
      _node: {fileID: -3819802437613648531}
      _typeQualifiedName: System.Int32, mscorlib, Version=4.0.0.0, Culture=neutral,
        PublicKeyToken=b77a5c561934e089
      connections:
      - fieldName: exit 0
        node: {fileID: -4963681171534174228}
        reroutePoints: []
      _direction: 0
      _connectionType: 0
      _typeConstraint: 0
      _dynamic: 0
    - _fieldName: exit
      _node: {fileID: -3819802437613648531}
      _typeQualifiedName: System.Int32[], mscorlib, Version=4.0.0.0, Culture=neutral,
        PublicKeyToken=b77a5c561934e089
      connections: []
      _direction: 1
      _connectionType: 0
      _typeConstraint: 0
      _dynamic: 0
    - _fieldName: exit 0
      _node: {fileID: -3819802437613648531}
      _typeQualifiedName: System.Int32, mscorlib, Version=4.0.0.0, Culture=neutral,
        PublicKeyToken=b77a5c561934e089
      connections:
      - fieldName: entry
        node: {fileID: 1794893518453922202}
        reroutePoints: []
      _direction: 1
      _connectionType: 0
      _typeConstraint: 0
      _dynamic: 1
  entry: 0
  exit: 00000000
  _character: {fileID: 11400000, guid: 7e322db917d677b4684a00c2a915e191, type: 2}
  _dialogueLine: I'm actually here for the interview.
  nextOutputPriority: 0
--- !u!114 &-2252910697379938734
MonoBehaviour:
  m_ObjectHideFlags: 0
  m_CorrespondingSourceObject: {fileID: 0}
  m_PrefabInstance: {fileID: 0}
  m_PrefabAsset: {fileID: 0}
  m_GameObject: {fileID: 0}
  m_Enabled: 1
  m_EditorHideFlags: 0
  m_Script: {fileID: 11500000, guid: df6e9e0893858304cb9f53f21e648380, type: 3}
  m_Name: Choice
  m_EditorClassIdentifier: 
  graph: {fileID: 11400000}
  position: {x: 664, y: -136}
  ports:
    keys:
    - entry
    - exit
    - exit 0
    - exit 1
    values:
    - _fieldName: entry
      _node: {fileID: -2252910697379938734}
      _typeQualifiedName: System.Int32, mscorlib, Version=4.0.0.0, Culture=neutral,
        PublicKeyToken=b77a5c561934e089
      connections:
      - fieldName: exit 0
        node: {fileID: 1794893518453922202}
        reroutePoints: []
      - fieldName: exit 0
        node: {fileID: 5287999101504286011}
        reroutePoints: []
      _direction: 0
      _connectionType: 0
      _typeConstraint: 0
      _dynamic: 0
    - _fieldName: exit
      _node: {fileID: -2252910697379938734}
      _typeQualifiedName: System.Int32[], mscorlib, Version=4.0.0.0, Culture=neutral,
        PublicKeyToken=b77a5c561934e089
      connections: []
      _direction: 1
      _connectionType: 0
      _typeConstraint: 0
      _dynamic: 0
    - _fieldName: exit 0
      _node: {fileID: -2252910697379938734}
      _typeQualifiedName: System.Int32, mscorlib, Version=4.0.0.0, Culture=neutral,
        PublicKeyToken=b77a5c561934e089
      connections:
      - fieldName: entry
        node: {fileID: -7624066943237241439}
        reroutePoints: []
      _direction: 1
      _connectionType: 0
      _typeConstraint: 0
      _dynamic: 1
    - _fieldName: exit 1
      _node: {fileID: -2252910697379938734}
      _typeQualifiedName: System.Int32, mscorlib, Version=4.0.0.0, Culture=neutral,
        PublicKeyToken=b77a5c561934e089
      connections:
      - fieldName: entry
        node: {fileID: -4133162304402331945}
        reroutePoints: []
      _direction: 1
      _connectionType: 0
      _typeConstraint: 0
      _dynamic: 1
  entry: 0
  exit: 0000000000000000
  _character: {fileID: 11400000, guid: 7e322db917d677b4684a00c2a915e191, type: 2}
  _dialogueLine: ......
  _choiceLine:
  - I'm ready.
  - Let me check on something first.
  nextOutputPriority: 0
--- !u!114 &11400000
MonoBehaviour:
  m_ObjectHideFlags: 0
  m_CorrespondingSourceObject: {fileID: 0}
  m_PrefabInstance: {fileID: 0}
  m_PrefabAsset: {fileID: 0}
  m_GameObject: {fileID: 0}
  m_Enabled: 1
  m_EditorHideFlags: 0
  m_Script: {fileID: 11500000, guid: e039f37bcaf53ad4da84f616e8d8f126, type: 3}
  m_Name: Dialogue_ProfessorJ_Pre
  m_EditorClassIdentifier: 
  nodes:
  - {fileID: -9125938549225811080}
  - {fileID: -4963681171534174228}
  - {fileID: -4133162304402331945}
  - {fileID: -7624066943237241439}
  - {fileID: -3819802437613648531}
  - {fileID: 1794893518453922202}
  - {fileID: 5287999101504286011}
  - {fileID: -2252910697379938734}
  current: {fileID: -9125938549225811080}
--- !u!114 &1794893518453922202
MonoBehaviour:
  m_ObjectHideFlags: 0
  m_CorrespondingSourceObject: {fileID: 0}
  m_PrefabInstance: {fileID: 0}
  m_PrefabAsset: {fileID: 0}
  m_GameObject: {fileID: 0}
  m_Enabled: 1
  m_EditorHideFlags: 0
  m_Script: {fileID: 11500000, guid: 4a3fc0928afdddb45bf7f2fc7faf0ec3, type: 3}
  m_Name: Dialogue
  m_EditorClassIdentifier: 
  graph: {fileID: 11400000}
  position: {x: 360, y: -120}
  ports:
    keys:
    - entry
    - exit
    - exit 0
    values:
    - _fieldName: entry
      _node: {fileID: 1794893518453922202}
      _typeQualifiedName: System.Int32, mscorlib, Version=4.0.0.0, Culture=neutral,
        PublicKeyToken=b77a5c561934e089
      connections:
      - fieldName: exit 0
        node: {fileID: -3819802437613648531}
        reroutePoints: []
      _direction: 0
      _connectionType: 0
      _typeConstraint: 0
      _dynamic: 0
    - _fieldName: exit
      _node: {fileID: 1794893518453922202}
      _typeQualifiedName: System.Int32[], mscorlib, Version=4.0.0.0, Culture=neutral,
        PublicKeyToken=b77a5c561934e089
      connections: []
      _direction: 1
      _connectionType: 0
      _typeConstraint: 0
      _dynamic: 0
    - _fieldName: exit 0
      _node: {fileID: 1794893518453922202}
      _typeQualifiedName: System.Int32, mscorlib, Version=4.0.0.0, Culture=neutral,
        PublicKeyToken=b77a5c561934e089
      connections:
      - fieldName: entry
        node: {fileID: -2252910697379938734}
        reroutePoints: []
      _direction: 1
      _connectionType: 0
      _typeConstraint: 0
      _dynamic: 1
  entry: 0
  exit: 00000000
  _character: {fileID: 11400000, guid: 3cfbf3721e6209f48bbf595776fe4c0f, type: 2}
  _dialogueLine: 'Oh the new comer I see...

    It won''t be easy, are you actually
    ready to face me?

    I''m quite hard to deal with you know?'
  nextOutputPriority: 0
--- !u!114 &5287999101504286011
MonoBehaviour:
  m_ObjectHideFlags: 0
  m_CorrespondingSourceObject: {fileID: 0}
  m_PrefabInstance: {fileID: 0}
  m_PrefabAsset: {fileID: 0}
  m_GameObject: {fileID: 0}
  m_Enabled: 1
  m_EditorHideFlags: 0
  m_Script: {fileID: 11500000, guid: 4a3fc0928afdddb45bf7f2fc7faf0ec3, type: 3}
  m_Name: Dialogue
  m_EditorClassIdentifier: 
  graph: {fileID: 11400000}
  position: {x: 120, y: 216}
  ports:
    keys:
    - entry
    - exit
    - exit 0
    values:
    - _fieldName: entry
      _node: {fileID: 5287999101504286011}
      _typeQualifiedName: System.Int32, mscorlib, Version=4.0.0.0, Culture=neutral,
        PublicKeyToken=b77a5c561934e089
      connections:
      - fieldName: exit 1
        node: {fileID: -4963681171534174228}
        reroutePoints: []
      _direction: 0
      _connectionType: 0
      _typeConstraint: 0
      _dynamic: 0
    - _fieldName: exit
      _node: {fileID: 5287999101504286011}
      _typeQualifiedName: System.Int32[], mscorlib, Version=4.0.0.0, Culture=neutral,
        PublicKeyToken=b77a5c561934e089
      connections: []
      _direction: 1
      _connectionType: 0
      _typeConstraint: 0
      _dynamic: 0
    - _fieldName: exit 0
      _node: {fileID: 5287999101504286011}
      _typeQualifiedName: System.Int32, mscorlib, Version=4.0.0.0, Culture=neutral,
        PublicKeyToken=b77a5c561934e089
      connections:
      - fieldName: entry
        node: {fileID: -2252910697379938734}
        reroutePoints: []
      _direction: 1
      _connectionType: 0
      _typeConstraint: 0
      _dynamic: 1
  entry: 0
  exit: 00000000
  _character: {fileID: 11400000, guid: 3cfbf3721e6209f48bbf595776fe4c0f, type: 2}
  _dialogueLine: Are you sure that you're not facing me too fast?
  nextOutputPriority: 0
